<record><leader>00000cas a22000007a 4500</leader><controlfield tag="001">41448552</controlfield><controlfield tag="008">990528d18871894sduwr ne      0    0eng d</controlfield><datafield ind1=" " ind2=" " tag="010"><subfield code="a">sn 99068084 </subfield></datafield><datafield ind1=" " ind2=" " tag="040"><subfield code="a">SXN</subfield><subfield code="b">eng</subfield><subfield code="c">SXN</subfield><subfield code="d">OCLCF</subfield><subfield code="d">OCLCO</subfield></datafield><datafield ind1="1" ind2=" " tag="029"><subfield code="a">AU@</subfield><subfield code="b">000020230468</subfield></datafield><datafield ind1=" " ind2=" " tag="042"><subfield code="a">msc</subfield></datafield><datafield ind1=" " ind2=" " tag="043"><subfield code="a">n-us-sd</subfield></datafield><datafield ind1="0" ind2=" " tag="130"><subfield code="a">Chamberlain register (Chamberlain, S.D. : 1887)</subfield></datafield><datafield ind1="0" ind2="0" tag="245"><subfield code="a">Chamberlain register.</subfield></datafield><datafield ind1="3" ind2="0" tag="246"><subfield code="a">Chamberlain weekly register</subfield></datafield><datafield ind1="1" ind2="7" tag="246"><subfield code="a">Register and tribune</subfield></datafield><datafield ind1=" " ind2=" " tag="260"><subfield code="a">Chamberlain, Brule County, Dakota [S.D.] :</subfield><subfield code="b">Owen &amp; King,</subfield><subfield code="c">1887-1894.</subfield></datafield><datafield ind1=" " ind2=" " tag="300"><subfield code="a">v.</subfield></datafield><datafield ind1=" " ind2=" " tag="310"><subfield code="a">Weekly</subfield></datafield><datafield ind1="0" ind2=" " tag="362"><subfield code="a">Vol. 6, no. 39 (Mar. 3, 1887)-v. 13, no. 44 (Apr. 12, 1894).</subfield></datafield><datafield ind1=" " ind2=" " tag="530"><subfield code="a">Available on microfilm from: State Archives, South Dakota State Historical Society.</subfield></datafield><datafield ind1=" " ind2="0" tag="651"><subfield code="a">Dakota Territory</subfield><subfield code="x">History</subfield><subfield code="v">Newspapers.</subfield></datafield><datafield ind1=" " ind2="0" tag="651"><subfield code="a">Chamberlain (S.D.)</subfield><subfield code="v">Newspapers.</subfield></datafield><datafield ind1=" " ind2="0" tag="651"><subfield code="a">Brule County (S.D.)</subfield><subfield code="v">Newspapers.</subfield></datafield><datafield ind1=" " ind2="7" tag="655"><subfield code="a">History.</subfield><subfield code="2">fast</subfield><subfield code="0">(OCoLC)fst01411628</subfield></datafield><datafield ind1=" " ind2="7" tag="655"><subfield code="a">Newspapers.</subfield><subfield code="2">fast</subfield><subfield code="0">(OCoLC)fst01423814</subfield></datafield><datafield ind1=" " ind2="7" tag="651"><subfield code="a">South Dakota</subfield><subfield code="z">Brule County.</subfield><subfield code="2">fast</subfield><subfield code="0">(OCoLC)fst01215574</subfield></datafield><datafield ind1=" " ind2="7" tag="651"><subfield code="a">South Dakota</subfield><subfield code="z">Chamberlain.</subfield><subfield code="2">fast</subfield><subfield code="0">(OCoLC)fst01209674</subfield></datafield><datafield ind1=" " ind2="7" tag="651"><subfield code="a">United States</subfield><subfield code="z">Dakota Territory.</subfield><subfield code="2">fast</subfield><subfield code="0">(OCoLC)fst01228148</subfield></datafield><datafield ind1=" " ind2=" " tag="752"><subfield code="a">United States</subfield><subfield code="b">South Dakota</subfield><subfield code="c">Brule</subfield><subfield code="d">Chamberlain.</subfield></datafield><datafield ind1="0" ind2="0" tag="780"><subfield code="t">Chamberlain weekly register</subfield><subfield code="w">(DLC)sn 99068083</subfield></datafield><datafield ind1="0" ind2="5" tag="780"><subfield code="t">Tribune</subfield></datafield><datafield ind1="0" ind2="0" tag="785"><subfield code="t">Chamberlain register and South Dakota palladium</subfield><subfield code="w">(DLC)sn 99068085</subfield></datafield></record>